<record><leader>00000cas a22000007a 4500</leader><controlfield tag="001">29341977</controlfield><controlfield tag="008">931117d186118uumou x ne      0    0eng d</controlfield><datafield ind1=" " ind2=" " tag="010"><subfield code="a">sn 93060432 </subfield></datafield><datafield ind1=" " ind2=" " tag="040"><subfield code="a">MQN</subfield><subfield code="b">eng</subfield><subfield code="c">MQN</subfield><subfield code="d">NVF</subfield><subfield code="d">OCL</subfield><subfield code="d">WIH</subfield><subfield code="d">OCLCO</subfield></datafield><datafield ind1=" " ind2=" " tag="042"><subfield code="a">msc</subfield></datafield><datafield ind1="0" ind2=" " tag="130"><subfield code="a">Our regiment (Rolla, Mo.)</subfield></datafield><datafield ind1="0" ind2="0" tag="245"><subfield code="a">Our regiment.</subfield></datafield><datafield ind1=" " ind2=" " tag="260"><subfield code="a">Camp Rolla, Mo. :</subfield><subfield code="b">Typos of the 13th,</subfield></datafield><datafield ind1=" " ind2=" " tag="300"><subfield code="a">v.</subfield></datafield><datafield ind1="0" ind2=" " tag="362"><subfield code="a">July 22, 1861-</subfield></datafield><datafield ind1=" " ind2=" " tag="500"><subfield code="a">Published "now and then" for the "Thirteenth Illinois Volunteers, U.S.A."</subfield></datafield><datafield ind1="1" ind2="0" tag="610"><subfield code="a">United States.</subfield><subfield code="b">Army.</subfield><subfield code="b">Illinois Infantry Regiment, 13th (1861-1865)</subfield><subfield code="v">Newspapers.</subfield></datafield><datafield ind1=" " ind2="0" tag="651"><subfield code="a">United States</subfield><subfield code="x">History</subfield><subfield code="y">Civil War, 1861-1865</subfield><subfield code="v">Newspapers.</subfield></datafield><datafield ind1=" " ind2=" " tag="752"><subfield code="a">United States</subfield><subfield code="b">Missouri</subfield><subfield code="c">Phelps</subfield><subfield code="d">Rolla.</subfield></datafield></record>